<record><leader>00000cas a2200000 a 4500</leader><controlfield tag="001">32805173</controlfield><controlfield tag="008">950712d18921892caudn ne      0    0eng c</controlfield><datafield ind1=" " ind2=" " tag="010"><subfield code="a">sn 95061839 </subfield></datafield><datafield ind1=" " ind2=" " tag="040"><subfield code="a">CNK</subfield><subfield code="b">eng</subfield><subfield code="c">CNK</subfield><subfield code="d">OCLCQ</subfield><subfield code="d">CNK</subfield><subfield code="d">OCLCQ</subfield><subfield code="d">OCLCF</subfield><subfield code="d">OCLCO</subfield></datafield><datafield ind1="1" ind2=" " tag="029"><subfield code="a">AU@</subfield><subfield code="b">000011868841</subfield></datafield><datafield ind1=" " ind2=" " tag="042"><subfield code="a">pcc</subfield></datafield><datafield ind1=" " ind2=" " tag="043"><subfield code="a">n-us-ca</subfield></datafield><datafield ind1="0" ind2=" " tag="130"><subfield code="a">Daily delta (Visalia, Calif. : 1892)</subfield></datafield><datafield ind1="1" ind2="0" tag="245"><subfield code="a">Daily delta.</subfield></datafield><datafield ind1="1" ind2="3" tag="246"><subfield code="a">Daily morning delta</subfield></datafield><datafield ind1=" " ind2=" " tag="260"><subfield code="a">Visalia, Tulare County, Cal. :</subfield><subfield code="b">Delta Pub. Co.</subfield></datafield><datafield ind1=" " ind2=" " tag="300"><subfield code="a">v.</subfield></datafield><datafield ind1=" " ind2=" " tag="310"><subfield code="a">Daily (except Mon.)</subfield></datafield><datafield ind1=" " ind2=" " tag="321"><subfield code="a">Vol. 1, no. 1 (Feb. 22,</subfield><subfield code="b">1892)-v. 1, no. 67 (May 8, 1892)</subfield></datafield><datafield ind1=" " ind2=" " tag="530"><subfield code="a">Master negatives are available for duplication from:</subfield><subfield code="b">California Newspaper Microfilm Archive;</subfield><subfield code="c">positive copies may be purchased by the reel; for further information consult the CNMA at:</subfield><subfield code="u">http://cbsr.ucr.edu</subfield></datafield><datafield ind1=" " ind2="0" tag="651"><subfield code="a">Visalia (Calif.)</subfield><subfield code="v">Newspapers.</subfield></datafield><datafield ind1=" " ind2="7" tag="655"><subfield code="a">Newspapers.</subfield><subfield code="2">fast</subfield><subfield code="0">(OCoLC)fst01423814</subfield></datafield><datafield ind1=" " ind2="7" tag="651"><subfield code="a">California</subfield><subfield code="z">Visalia.</subfield><subfield code="2">fast</subfield><subfield code="0">(OCoLC)fst01213976</subfield></datafield><datafield ind1=" " ind2=" " tag="752"><subfield code="a">United States</subfield><subfield code="b">California</subfield><subfield code="c">Tulare</subfield><subfield code="d">Visalia.</subfield></datafield><datafield ind1="0" ind2=" " tag="775"><subfield code="t">Weekly Visalia delta</subfield><subfield code="w">(DLC)sn 86063249</subfield></datafield><datafield ind1="0" ind2="0" tag="785"><subfield code="t">Daily morning delta</subfield><subfield code="w">(DLC)sn 95061840</subfield></datafield></record>